<record><leader>00000cas a2200000 a 4500</leader><controlfield tag="001">11482724</controlfield><controlfield tag="008">841212d18491858iluwr ne      0   a0eng c</controlfield><datafield ind1=" " ind2=" " tag="010"><subfield code="a">sn 84038731 </subfield></datafield><datafield ind1=" " ind2=" " tag="040"><subfield code="a">NPX</subfield><subfield code="b">eng</subfield><subfield code="c">NPX</subfield><subfield code="d">NPU</subfield><subfield code="d">NVF</subfield><subfield code="d">OCL</subfield><subfield code="d">NVF</subfield><subfield code="d">OCLCQ</subfield><subfield code="d">NVF</subfield><subfield code="d">OCLCF</subfield><subfield code="d">OCLCO</subfield></datafield><datafield ind1="1" ind2=" " tag="029"><subfield code="a">AU@</subfield><subfield code="b">000020233062</subfield></datafield><datafield ind1=" " ind2=" " tag="042"><subfield code="a">pcc</subfield></datafield><datafield ind1=" " ind2=" " tag="043"><subfield code="a">n-us-il</subfield></datafield><datafield ind1="0" ind2=" " tag="130"><subfield code="a">Chicago weekly tribune (Chicago, Ill. : 1851)</subfield></datafield><datafield ind1="1" ind2="4" tag="245"><subfield code="a">The Chicago weekly tribune.</subfield></datafield><datafield ind1=" " ind2=" " tag="260"><subfield code="a">Chicago [Ill. :</subfield><subfield code="b">s.n.]</subfield></datafield><datafield ind1="2" ind2=" " tag="260"><subfield code="3">&lt;1852&gt;</subfield><subfield code="a">Chicago, Ill. :</subfield><subfield code="b">Stewart, Waite &amp; Co.</subfield></datafield><datafield ind1="2" ind2=" " tag="260"><subfield code="3">&lt;1854&gt;</subfield><subfield code="a">Chicago, Ill. :</subfield><subfield code="b">Henry Fowler &amp; Co.</subfield></datafield><datafield ind1="2" ind2=" " tag="260"><subfield code="3">&lt;1854-1855&gt;</subfield><subfield code="a">Chicago, Ill. :</subfield><subfield code="b">T.A. Stewart &amp; Co.</subfield></datafield><datafield ind1="3" ind2=" " tag="260"><subfield code="3">&lt;1856&gt;</subfield><subfield code="a">Chicago, Ill. :</subfield><subfield code="b">Vaughn, Ray &amp; Medill</subfield></datafield><datafield ind1=" " ind2=" " tag="300"><subfield code="a">v.</subfield></datafield><datafield ind1=" " ind2=" " tag="310"><subfield code="a">Weekly</subfield></datafield><datafield ind1="1" ind2=" " tag="362"><subfield code="a">Began in 1849? Ceased in 1858.</subfield></datafield><datafield ind1=" " ind2=" " tag="500"><subfield code="a">Editors: Jno. L. Scripps &amp; Thos. A. Stewart, &lt;1851&gt;.</subfield></datafield><datafield ind1=" " ind2=" " tag="580"><subfield code="a">Daily ed.: Chicago daily tribune (Chicago, Ill. : 1849), &lt;1851-1856&gt;.</subfield></datafield><datafield ind1=" " ind2=" " tag="580"><subfield code="a">Merged with: Chicago weekly press, to form: Weekly Chicago press and tribune.</subfield></datafield><datafield ind1=" " ind2=" " tag="588"><subfield code="a">Description based on: Vol. 3 (Oct. 29, 1851).</subfield></datafield><datafield ind1=" " ind2=" " tag="588"><subfield code="a">Latest issue consulted: May 23, 1856.</subfield></datafield><datafield ind1=" " ind2="0" tag="651"><subfield code="a">Chicago (Ill.)</subfield><subfield code="v">Newspapers.</subfield></datafield><datafield ind1=" " ind2="7" tag="655"><subfield code="a">Newspapers.</subfield><subfield code="2">fast</subfield><subfield code="0">(OCoLC)fst01423814</subfield></datafield><datafield ind1=" " ind2="7" tag="651"><subfield code="a">Illinois</subfield><subfield code="z">Chicago.</subfield><subfield code="2">fast</subfield><subfield code="0">(OCoLC)fst01204048</subfield></datafield><datafield ind1=" " ind2=" " tag="752"><subfield code="a">United States</subfield><subfield code="b">Illinois</subfield><subfield code="c">Cook</subfield><subfield code="d">Chicago.</subfield></datafield><datafield ind1="1" ind2=" " tag="775"><subfield code="t">Chicago daily tribune (Chicago, Ill. : 1849)</subfield><subfield code="w">(DLC)sn 82014273</subfield><subfield code="w">(OCoLC)8817868</subfield></datafield><datafield ind1="0" ind2="5" tag="780"><subfield code="t">Free west (Chicago, Ill.)</subfield><subfield code="g">1855</subfield><subfield code="w">(DLC)sn 84038713</subfield><subfield code="w">(OCoLC)11460467</subfield></datafield><datafield ind1="1" ind2="7" tag="785"><subfield code="t">Chicago weekly press</subfield><subfield code="w">(DLC)sn 90053065</subfield><subfield code="w">(OCoLC)22329062</subfield></datafield><datafield ind1="1" ind2="7" tag="785"><subfield code="t">Weekly Chicago press and tribune</subfield><subfield code="w">(DLC)sn 87090501</subfield><subfield code="w">(OCoLC)16016581</subfield></datafield></record>